<?xml version="1.0" encoding="UTF-8"?><record xmlns="http://www.loc.gov/MARC21/slim" xmlns:cinclude="http://apache.org/cocoon/include/1.0" xmlns:zs="http://www.loc.gov/zing/srw/">
  <leader>00403nz  a2200121n  4500</leader>
  <controlfield tag="001">n 2006054624</controlfield>
  <controlfield tag="003">DLC</controlfield>
  <controlfield tag="005">20060714090329.0</controlfield>
  <controlfield tag="008">060714n| acannaabn          |n aaa      </controlfield>
  <datafield tag="010" ind1=" " ind2=" ">
    <subfield code="a">n 2006054624</subfield>
  </datafield>
  <datafield tag="040" ind1=" " ind2=" ">
    <subfield code="a">DLC</subfield>
    <subfield code="b">eng</subfield>
    <subfield code="c">DLC</subfield>
  </datafield>
  <datafield tag="100" ind1="1" ind2=" ">
    <subfield code="a">Glaser, Konstanze,</subfield>
    <subfield code="d">1968-</subfield>
  </datafield>
  <datafield tag="670" ind1=" " ind2=" ">
    <subfield code="a">Glaser, Konstanze. Minority languages and cultural diversity in Europe, c2007:</subfield>
    <subfield code="b">CIP t.p. (Konstanze Glaser) datasheet (b. Feb. 16, 1968)</subfield>
  </datafield>
</record>